--- COMMENTS may be placed outside the @ENTRYTYPE{ ... } stuctures
--- CMS guidelines
---- Every journal article citation should include the DOI, assuming one exists.
---- All URLs for CMS notes, ANs, etc, should refer to the CDS server, not the CMS server. Use our standard format for them, as show in the old svn documentation.
----  CMS Notes not available on CDS are regarded as private and may not be cited.
----  CMS physics papers (i.e., those intended for publication in journals) may reference only POG PASs, not PAG PASs.
---- For papers by collaborations, list the collaboration in the COLLABOROATION field and put the first author and "and others" in the AUTHOR field.
----  If only the collaboration is listed as the author, put "{XXX Collaboration}" under AUTHOR.
----  Note that we automatically replace the AUTHOR field with the collaboration name for ATLAS, CMS, LHCb, and ATLAS at submission time. Please don't remove the
----  "First Author and others" in the AUTHOR field.
---- Other items:
----   PAGES: Please only list the first page, not the range.
----   ISSUE: Please do not include in most cases.
----   URL: Do not include this field if a DOI is available.
---- Number of authors to list:
----   PRL requests that we include all authors up to fifteen except for large collaborations, and we take this as our internal guide as well. If there
----   are more than fifteen, just list the first author + "and others", as above.
----   The individual journal bib style file (theirs, ours, PLB, etc.) will truncate at the appropriate point. We have ours set to _1_ for more than four.
---- Use only the URL field instead of embedding an href.
---- A reference only published on the arXiv should be listed as UNPUBLISHED (with a note "Submitted to XXX" for large collaboration papers).
----   Experimental papers only on the arXiv and not submitted for publication may not be cited.
---- Some journals (and us) will lowercase the title: use {} to protect words which must be capitalized, e.g., {LHC}, {TeV}, {CERN}, {CMS}.
----  Do not escape the entire title as it will then clash with the journal style.
---- Journal names: the journals generally include the series in the journal name, "Physical Review D", vol 5, rather than PR D5
---- >>> Please use the --preview option with the tdr script to perform a simple-minded reference check before uploading. This requires python.

@Techreport{CMS-TDR-15-02,
      AUTHOR      = {{CMS Collaboration}},
      COLLABORATION = "{CMS}",
      TITLE       = "Technical proposal for the {Phase-II} upgrade
                     of the {Compact Muon Solenoid}",
      URL         = "http://cds.cern.ch/record/2020886",
      TYPE        = "CMS Technical Proposal",
      NUMBER      = "CERN-LHCC-2015-010, CMS-TDR-15-02",
      YEAR        = "2015"
}

@article{CMS:2017yfk,
      author         = {{CMS Collaboration}},
      title          = "Particle-flow reconstruction and global event description with the {CMS} detector",
      collaboration  = "CMS",
      journal     = "JINST",
      volume    = "12",
      year         = "2017",
      pages      = "P10003",
      doi           = "10.1088/1748-0221/12/10/P10003",
      eprint         = "1706.04965",
      archivePrefix  = "arXiv",
      primaryClass   = "physics.ins-det",
      reportNumber   = "CMS-PRF-14-001, CERN-EP-2017-110",
      SLACcitation   = "%%CITATION = ARXIV:1706.04965;%%",
}

@article{CMS:2016lmd,
      author         = {{CMS Collaboration}},
      title          = "{Jet energy scale and resolution in the CMS experiment in
                           pp collisions at 8 TeV}",
      collaboration  = "CMS",
      journal        = "JINST",
      volume         = "12",
      year           = "2017",
      pages          = "P02014",
      doi            = "10.1088/1748-0221/12/02/P02014",
      eprint         = "1607.03663",
      archivePrefix  = "arXiv",
      primaryClass   = "hep-ex",
      reportNumber   = "CMS-JME-13-004, CERN-PH-EP-2015-305",
      SLACcitation   = "%%CITATION = ARXIV:1607.03663;%%"
}

@article{CMS:2008xjf,
    author = {{CMS Collaboration}},
    collaboration = "CMS",
    title = "The {CMS} experiment at the {CERN} {LHC}",
    doi = "10.1088/1748-0221/3/08/S08004",
    journal = "JINST",
    volume = "3",
    pages = "S08004",
    year = "2008"
}

@article{CMS:2020cmk,
    author = {{CMS Collaboration}},
    collaboration = "CMS",
    title = "{Performance of the CMS Level-1 trigger in proton-proton collisions at $\sqrt{s} = 13$\,TeV}",
    journal = "JINST",
    volume = "15",
    pages = "P10017",
    year = "2020",
    doi = "10.1088/1748-0221/15/10/P10017",
    eprint = "2006.10165",
    archivePrefix = "arXiv",
    primaryClass = "hep-ex",
    reportNumber = "CMS-TRG-17-001, CERN-EP-2020-065",
}

@article{CMS:2016ngn,
      author         = {{CMS Collaboration}},
      title              = "{The CMS trigger system}",
      collaboration  = "CMS",
      journal        = "JINST",
      volume         = "12",
      pages          = "P01020",
      doi            = "10.1088/1748-0221/12/01/P01020",
      year           = "2017",
      eprint         = "1609.02366",
      archivePrefix  = "arXiv",
      primaryClass   = "physics.ins-det",
      reportNumber   = "CMS-TRG-12-001, CERN-EP-2016-160",
      SLACcitation   = "%%CITATION = ARXIV:1609.02366;%%"
}

@unpublished{opposite_sign_ww_scattering,
      title = "{O}bservation of electroweak {$\PW^+\PW^-$} pair production in association with two jets in proton-proton collisions at {$\sqrt{s}=13$\TeV}", 
      collaboration = "CMS",
      author        = {{CMS Collaboration}},
      year          = "2023",
      eprint        = "2205.05711",
      archivePrefix = "arXiv",
      primaryClass  = "hep-ex",
      reportNumber  = "CMS-SMP-21-001-001",
      url           = "http://cds.cern.ch/record/2791336",
	      note          = "Accepted by PLB"
	}

	@article{same_sign_ww_and_wz_scattering,
	   title={Measurements of production cross sections of {$\PW\cPZ$} and same-sign {$\PW\PW$} boson pairs in association with two jets in proton-proton collisions at {$\sqrt{s}=13$\TeV}},
	   volume={809},
	   ISSN={0370-2693},
	   eprint={2005.01173},
	   DOI={10.1016/j.physletb.2020.135710},
	   journal={Phys. Lett. B},
	   publisher={Elsevier BV},
	   author={{CMS Collaboration}}, 
   collaboration={CMS},
   year={2020},
   pages={135710}
}

@article{zz_scattering,
title = "Evidence for electroweak production of four charged leptons and two jets in proton-proton collisions at {$\sqrt{s}=13\TeV$}",
author = {{CMS Collaboration}},
collaboration = {CMS},
journal = {Phys. Lett. B},
volume = {812},
pages = {135992},
year = {2020},
archivePrefix = "arXiv",
eprint        = "2008.07013",
issn = {0370-2693},
doi = {j.physletb.2020.135992},
}

@article{BARLOW1993219,
title = "Fitting using finite {M}onte {C}arlo samples",
journal = "{C}omputer {P}hysics {C}ommunications",
volume = "77",
pages = "219",
year = "1993",
doi = "10.1016/0010-4655(93)90005-W",
author = "Roger Barlow and Christine Beeston",

}

@inproceedings{10.1145/2939672.2939785,
    author = "Chen, Tianqi and Guestrin, Carlos",
    title = "{XGBoost}: {A} {S}calable {T}ree {B}oosting {S}ystem",
    year = "2016",
    isbn = "9781450342322",
    publisher = "Association for Computing Machinery",
    address = "New York, NY, USA",
    doi = "10.1145/2939672.2939785",
    booktitle = "Proceedings of the 22nd ACM SIGKDD International Conference on Knowledge Discovery and Data Mining",
    pages = "785",
    numpages = "10",
    location = "San Francisco, California, USA",
    series = "KDD '16"
}

@incollection{KFrame,
  author        = "{LHC Higgs Cross Section Working Group}",
  title         = "{H}iggs {P}roperties: {R}eport of the {LHC Higgs Cross Section Working Group}",
  booktitle     = "Handbook of LHC Higgs Cross Sections",
  publisher     = "{CERN}",
  year          = "2013",
  editor        = "S. Heinemeyer and C. Mariotti and G. Passarino and R. Tanaka",
  number        = "3",
  series        = "CERN Yellow Reports: Monographs",
  month         = "7",
  eprint        = "1307.1347",
  archivePrefix = "arXiv",
  primaryClass  = "hep-ph",
}

@article{Theory1LambdaWZ,
    title = {Status of negative coupling modifiers for extended {Higgs} sectors},
    author = {de Lima, Carlos H. and Stolarski, Daniel and Wu, Yongcheng},
    journal = {Phys. Rev. D},
    volume = {105},
    issue = {3},
    pages = {035019},
    numpages = {14},
    year = {2022},
    month = {Feb},
    publisher = {American Physical Society},
    doi = {10.1103/PhysRevD.105.035019},
    url = {https://link.aps.org/doi/10.1103/PhysRevD.105.035019}
}

@article{Theory2LambdaWZ,
    author = "Stolarski, Daniel and Wu, Yongcheng",
    title = "{Tree-level interference in vector boson fusion production of {Vh}}",
    eprint = "2006.09374",
    archivePrefix = "arXiv",
    primaryClass = "hep-ph",
    doi = "10.1103/PhysRevD.102.033006",
    journal = "Phys. Rev. D",
    volume = "102",
    number = "3",
    pages = "033006",
    year = "2020"
}

@article{Cacciari:2008gp,
    author = "Cacciari, Matteo and Salam, Gavin P. and Soyez, Gregory",
    title = "{The anti-$k_t$ jet clustering algorithm}",
    eprint = "0802.1189",
    archivePrefix = "arXiv",
    primaryClass = "hep-ph",
    reportNumber = "LPTHE-07-03",
    doi = "10.1088/1126-6708/2008/04/063",
    journal = "JHEP",
    volume = "04",
    pages = "063",
    year = "2008"
}


@article{Cacciari:2011ma,
    author = "Cacciari, Matteo and Salam, Gavin P. and Soyez, Gregory",
    title = "{FastJet User Manual}",
    eprint = "1111.6097",
    archivePrefix = "arXiv",
    primaryClass = "hep-ph",
    reportNumber = "CERN-PH-TH-2011-297",
    doi = "10.1140/epjc/s10052-012-1896-2",
    journal = "Eur. Phys. J. C",
    volume = "72",
    pages = "1896",
    year = "2012"
}

@article{Cacciari:2005hq,
    author = "Cacciari, Matteo and Salam, Gavin P.",
    title = "{Dispelling the $N^{3}$ myth for the $k_t$ jet-finder}",
    eprint = "hep-ph/0512210",
    archivePrefix = "arXiv",
    reportNumber = "LPTHE-05-32",
    doi = "10.1016/j.physletb.2006.08.037",
    journal = "Phys. Lett. B",
    volume = "641",
    pages = "57",
    year = "2006"
}

@article{Aad:2012tfa,
      author         = {{ATLAS Collaboration}},
      title          = "{O}bservation of a new particle in the search for the {S}tandard {M}odel {H}iggs boson with the {ATLAS} detector at the {LHC}",
      collaboration  = "ATLAS",
      journal        = "Phys. Lett. B",
      volume         = "716",
      year           = "2012",
      pages          = "1",
      doi            = "10.1016/j.physletb.2012.08.020",
      eprint         = "1207.7214",
      archivePrefix  = "arXiv",
      primaryClass   = "hep-ex",
      reportNumber   = "CERN-PH-EP-2012-218",
      SLACcitation   = "%%CITATION = ARXIV:1207.7214;%%"
}

@article{Chatrchyan:2012xdj,
      author         = {{CMS Collaboration}},
      title          = "{O}bservation of a new boson at a mass of ${125\GeV}$ with the {CMS} experiment at the {LHC}",
      collaboration  = "CMS",
      journal        = "Phys. Lett. B",
      volume         = "716",
      year           = "2012",
      pages          = "30",
      doi            = "10.1016/j.physletb.2012.08.021",
      eprint         = "1207.7235",
      archivePrefix  = "arXiv",
      primaryClass   = "hep-ex",
      reportNumber   = "CMS-HIG-12-028, CERN-PH-EP-2012-220",
      SLACcitation   = "%%CITATION = ARXIV:1207.7235;%%"
}

@article{Chatrchyan:2013lba,
      author         = {{CMS Collaboration}},
      title          = "{O}bservation of a new boson with mass near ${125\GeV}$ in ${\Pp\Pp}$ collisions at ${\sqrt{s} = 7}$ and {8\TeV}",
      collaboration  = "CMS",
      journal        = "JHEP",
      volume         = "06",
      year           = "2013",
      pages          = "081",
      doi            = "10.1007/JHEP06(2013)081",
      eprint         = "1303.4571",
      archivePrefix  = "arXiv",
      primaryClass   = "hep-ex",
      reportNumber   = "CMS-HIG-12-036, CERN-PH-EP-2013-035",
      SLACcitation   = "%%CITATION = ARXIV:1303.4571;%%"
}

@article{Sirunyan:2018koj,
      author         = {{CMS Collaboration}},
      title          = "{C}ombined measurements of {H}iggs boson couplings in proton-proton collisions at ${\sqrt{s} =13\TeV}$",
      collaboration  = "CMS",
      journal        = "Eur. Phys. J. C",
      volume         = "79",
      year           = "2019",
      pages          = "421",
      doi            = "10.1140/epjc/s10052-019-6909-y",
      eprint         = "1809.10733",
      archivePrefix  = "arXiv",
      primaryClass   = "hep-ex",
      reportNumber   = "CMS-HIG-17-031, CERN-EP-2018-263",
      SLACcitation   = "%%CITATION = ARXIV:1809.10733;%%"
}

@article{Sirunyan:2017khh,
      author         = {{CMS Collaboration}},
      title          = "{O}bservation of the {H}iggs boson decay to a pair of $\tau$ leptons with the {CMS} detector",
      collaboration  = "CMS",
      journal        = "Phys. Lett. B",
      volume         = "779",
      year           = "2018",
      pages          = "283",
      doi            = "10.1016/j.physletb.2018.02.004",
      eprint         = "1708.00373",
      archivePrefix  = "arXiv",
      primaryClass   = "hep-ex",
      reportNumber   = "CMS-HIG-16-043, CERN-EP-2017-181",
      SLACcitation   = "%%CITATION = ARXIV:1708.00373;%%"
}

@article{Sirunyan:2018hoz,
      author         = {{CMS Collaboration}},
      title          = "{O}bservation of ${\ttbar\PH}$ production",
      collaboration  = "CMS",
      journal        = "Phys. Rev. Lett.",
      volume         = "120",
      year           = "2018",
      pages          = "231801",
      doi            = "10.1103/PhysRevLett.120.231801",
      eprint         = "1804.02610",
      archivePrefix  = "arXiv",
      primaryClass   = "hep-ex",
      reportNumber   = "CMS-HIG-17-035, CERN-EP-2018-064",
      SLACcitation   = "%%CITATION = ARXIV:1804.02610;%%"
}

@article{Sirunyan:2018kst,
      author         = {{CMS Collaboration}},
      title          = "{O}bservation of {H}iggs boson decay to bottom quarks",
      collaboration  = "CMS",
      journal        = "Phys. Rev. Lett.",
      volume         = "121",
      year           = "2018",
      pages          = "121801",
      doi            = "10.1103/PhysRevLett.121.121801",
      eprint         = "1808.08242",
      archivePrefix  = "arXiv",
      primaryClass   = "hep-ex",
      reportNumber   = "CMS-HIG-18-016, CERN-EP-2018-223",
      SLACcitation   = "%%CITATION = ARXIV:1808.08242;%%"
}

@article{Sirunyan:2018hbu,
      author         = {{CMS Collaboration}},
      title          = "{S}earch for the {H}iggs boson decaying to two muons in proton-proton collisions at ${\sqrt{s} =13\TeV}$",
      collaboration  = "CMS",
      journal        = "Phys. Rev. Lett.",
      volume         = "122",
      year           = "2019",
      pages          = "021801",
      doi            = "10.1103/PhysRevLett.122.021801",
      eprint         = "1807.06325",
      archivePrefix  = "arXiv",
      primaryClass   = "hep-ex",
      reportNumber   = "CMS-HIG-17-019, CERN-EP-2018-165",
      SLACcitation   = "%%CITATION = ARXIV:1807.06325;%%"
}

@article{Khachatryan:2014aep,
    author        = {{CMS Collaboration}},
    collaboration = "CMS",
    title         = "{S}earch for a standard model-like {H}iggs boson in the $\mu^{+}\mu^{-}$ and ${\Pe^{+}\Pe^{-}}$ decay channels at the {LHC}",
    eprint        = "1410.6679",
    archivePrefix = "arXiv",
    primaryClass  = "hep-ex",
    reportNumber  = "CMS-HIG-13-007, CERN-PH-EP-2014-243",
    doi           = "10.1016/j.physletb.2015.03.048",
    journal       = "Phys. Lett. B",
    volume        = "744",
    pages         = "184",
    year          = "2015"
}

@article{Sirunyan:2020xwk,
    author = {{CMS Collaboration}},
    collaboration = "CMS",
    title = "{A} measurement of the {H}iggs boson mass in the diphoton decay channel",
    eprint        = "2002.06398",
    archivePrefix = "arXiv",
    primaryClass  = "hep-ex",
    reportNumber  = "CMS-HIG-19-004, CERN-EP-2020-004",
    doi     = "10.1016/j.physletb.2020.135425",
    journal = "Phys. Lett. B",
    volume  = "805",
    pages   = "135425",
    year    = "2020"
}

@article{Sirunyan:2018ouh,
      author         = {{CMS Collaboration}},
      title          = "{M}easurements of {H}iggs boson properties in the diphoton decay channel in proton-proton collisions at ${\sqrt{s} =13\TeV}$",
      collaboration  = "CMS",
      journal        = "JHEP",
      volume         = "11",
      year           = "2018",
      pages          = "185",
      doi            = "10.1007/JHEP11(2018)185",
      eprint         = "1804.02716",
      archivePrefix  = "arXiv",
      primaryClass   = "hep-ex",
      reportNumber   = "CMS-HIG-16-040, CERN-EP-2018-060",
      SLACcitation   = "%%CITATION = ARXIV:1804.02716;%%"
}

@article{Sirunyan:2018egh,
      author         = {{CMS Collaboration}},
      title          = "{M}easurements of properties of the {H}iggs boson decaying to a {W} boson pair in ${\Pp\Pp}$ collisions at ${\sqrt{s}=13\TeV}$",
      collaboration  = "CMS",
      journal        = "Phys. Lett. B",
      volume         = "791",
      year           = "2019",
      pages          = "96",
      doi            = "10.1016/j.physletb.2018.12.073",
      eprint         = "1806.05246",
      archivePrefix  = "arXiv",
      primaryClass   = "hep-ex",
      reportNumber   = "CMS-HIG-16-042, CERN-EP-2018-141",
      SLACcitation   = "%%CITATION = ARXIV:1806.05246;%%"
}

@article{Sirunyan:2017exp,
      author         = {{CMS Collaboration}},
      title          = "{M}easurements of properties of the {H}iggs boson decaying into the four-lepton final state in ${\Pp\Pp}$ collisions at ${\sqrt{s}=13\TeV}$",
      collaboration  = "CMS",
      journal        = "JHEP",
      volume         = "11",
      year           = "2017",
      pages          = "047",
      doi            = "10.1007/JHEP11(2017)047",
      eprint         = "1706.09936",
      archivePrefix  = "arXiv",
      primaryClass   = "hep-ex",
      reportNumber   = "CMS-HIG-16-041, CERN-EP-2017-123",
      SLACcitation   = "%%CITATION = ARXIV:1706.09936;%%"
}

@unpublished{Aad:2020xfq,
    author = {{ATLAS Collaboration}},
    title = "{A} search for the dimuon decay of the {S}tandard {M}odel {H}iggs boson with the {ATLAS} detector",
    collaboration = "ATLAS",
    journal        = "Submitted to Phys. Lett. B",
    eprint = "2007.07830",
    archivePrefix = "arXiv",
    primaryClass = "hep-ex",
    reportNumber = "CERN-EP-2020-117 CERN-EP-2020-117 CERN-EP-2020-117 CERN-EP-2020-117",
    note = "Submitted to \textit{Phys. Lett. B}",
    year = "2020"
}


@article{Aaboud:2018zhk,
      author         = {{ATLAS Collaboration}},
      title          = "{O}bservation of ${\PH \rightarrow \cPqb\overline{\cPqb}}$ decays and {V\PH} production with the {ATLAS} detector",
      collaboration  = "ATLAS",
      journal        = "Phys. Lett. B",
      volume         = "786",
      year           = "2018",
      pages          = "59",
      doi            = "10.1016/j.physletb.2018.09.013",
      eprint         = "1808.08238",
      archivePrefix  = "arXiv",
      primaryClass   = "hep-ex",
      reportNumber   = "CERN-EP-2018-215",
      SLACcitation   = "%%CITATION = ARXIV:1808.08238;%%"
}

@article{Aaboud:2018urx,
      author         = {{ATLAS Collaboration}},
      title          = "{O}bservation of {H}iggs boson production in association
                        with a top quark pair at the {LHC} with the {ATLAS} detector",
      collaboration  = "ATLAS",
      journal        = "Phys. Lett. B",
      volume         = "784",
      year           = "2018",
      pages          = "173",
      doi            = "10.1016/j.physletb.2018.07.035",
      eprint         = "1806.00425",
      archivePrefix  = "arXiv",
      primaryClass   = "hep-ex",
      reportNumber   = "CERN-EP-2018-138",
      SLACcitation   = "%%CITATION = ARXIV:1806.00425;%%"
}

@article{Aaboud:2018pen,
      author         = {{ATLAS Collaboration}},
      title          = "{C}ross-section measurements of the {H}iggs boson decaying
                        into a pair of $\tau$-leptons in proton-proton collisions
                        at ${\sqrt{s}=13\TeV}$ with the {ATLAS} detector",
      collaboration  = "ATLAS",
      journal        = "Phys. Rev. D",
      volume         = "99",
      year           = "2019",
      pages          = "072001",
      doi            = "10.1103/PhysRevD.99.072001",
      eprint         = "1811.08856",
      archivePrefix  = "arXiv",
      primaryClass   = "hep-ex",
      reportNumber   = "CERN-EP-2018-232",
      SLACcitation   = "%%CITATION = ARXIV:1811.08856;%%"
}

@article{Aaboud:2018jqu,
      author         = {{ATLAS Collaboration}},
      title          = "{M}easurements of gluon-gluon fusion and vector-boson-fusion {H}iggs boson production cross-sections in the ${\PH \to
                        \PW\PW^{*} \to e\nu\mu\nu}$ decay channel in ${\Pp\Pp}$ collisions
                        at ${\sqrt{s}=13\TeV}$ with the {ATLAS} detector",
      collaboration  = "ATLAS",
      journal        = "Phys. Lett. B",
      volume         = "789",
      year           = "2019",
      pages          = "508",
      doi            = "10.1016/j.physletb.2018.11.064",
      eprint         = "1808.09054",
      archivePrefix  = "arXiv",
      primaryClass   = "hep-ex",
      reportNumber   = "CERN-EP-2018-212",
      SLACcitation   = "%%CITATION = ARXIV:1808.09054;%%"
}

@article{Aaboud:2017vzb,
      author         = {{ATLAS Collaboration}},
      title          = "{M}easurement of the {H}iggs boson coupling properties in
                        the ${\PH\rightarrow \PZ\PZ^{*} \rightarrow 4\ell}$ decay channel
                        at ${\sqrt{s}=13\TeV}$ with the {ATLAS} detector",
      collaboration  = "ATLAS",
      journal        = "JHEP",
      volume         = "03",
      year           = "2018",
      pages          = "095",
      doi            = "10.1007/JHEP03(2018)095",
      eprint         = "1712.02304",
      archivePrefix  = "arXiv",
      primaryClass   = "hep-ex",
      reportNumber   = "CERN-EP-2017-206",
      SLACcitation   = "%%CITATION = ARXIV:1712.02304;%%"
}

@article{Aaboud:2018xdt,
      author         = {{ATLAS Collaboration}},
      title          = "{M}easurements of {H}iggs boson properties in the diphoton
                        decay channel with {36\fbinv} of ${\Pp\Pp}$ collision data at
                        ${\sqrt{s} = 13\TeV}$ with the {ATLAS} detector",
      collaboration  = "ATLAS",
      journal        = "Phys. Rev. D",
      volume         = "98",
      year           = "2018",
      pages          = "052005",
      doi            = "10.1103/PhysRevD.98.052005",
      eprint         = "1802.04146",
      archivePrefix  = "arXiv",
      primaryClass   = "hep-ex",
      reportNumber   = "CERN-EP-2017-288",
      SLACcitation   = "%%CITATION = ARXIV:1802.04146;%%"
}

@article{Aad:2019mbh,
      author         = {{ATLAS Collaboration}},
      title          = "{C}ombined measurements of {H}iggs boson production and
                        decay using up to {80\fbinv} of proton-proton
                        collision data at ${\sqrt{s}=13\TeV}$ collected with the
                        {ATLAS} experiment",
      collaboration  = "ATLAS",
      journal        = "Phys. Rev. D",
      volume         = "101",
      year           = "2020",
      pages          = "012002",
      doi            = "10.1103/PhysRevD.101.012002",
      eprint         = "1909.02845",
      archivePrefix  = "arXiv",
      primaryClass   = "hep-ex",
      reportNumber   = "CERN-EP-2019-097",
      SLACcitation   = "%%CITATION = ARXIV:1909.02845;%%"
}

@article{CMS:2020xwi,
    author = {{CMS Collaboration}},
    collaboration = "CMS",
    title = "{Evidence for Higgs boson decay to a pair of muons}",
    eprint = "2009.04363",
    archivePrefix = "arXiv",
    primaryClass = "hep-ex",
    reportNumber = "CMS-HIG-19-006, CERN-EP-2020-164",
    doi = "10.1007/JHEP01(2021)148",
    journal = "JHEP",
    volume = "01",
    pages = "148",
    year = "2021"
}

@article{CMS:2019ctu,
    author = {{CMS Collaboration}},
    collaboration = "CMS",
    title = "{Performance of missing transverse momentum reconstruction in proton-proton collisions at $\sqrt{s} =$ 13 TeV using the CMS detector}",
    eprint = "1903.06078",
    archivePrefix = "arXiv",
    primaryClass = "hep-ex",
    reportNumber = "CMS-JME-17-001, CERN-EP-2018-335",
    doi = "10.1088/1748-0221/14/07/P07004",
    journal = "JINST",
    volume = "14",
    number = "07",
    pages = "P07004",
    year = "2019"
}

@article{Bols:2020bkb,
    author = "Bols, Emil and Kieseler, Jan and Verzetti, Mauro and Stoye, Markus and Stakia, Anna",
    title = "{Jet Flavour Classification Using DeepJet}",
    eprint = "2008.10519",
    archivePrefix = "arXiv",
    primaryClass = "hep-ex",
    doi = "10.1088/1748-0221/15/12/P12012",
    journal = "JINST",
    volume = "15",
    number = "12",
    pages = "P12012",
    year = "2020"
}

@article{Qu:2019gqs,
    author = "Qu, Huilin and Gouskos, Loukas",
    title = "{ParticleNet: Jet Tagging via Particle Clouds}",
    eprint = "1902.08570",
    archivePrefix = "arXiv",
    primaryClass = "hep-ph",
    doi = "10.1103/PhysRevD.101.056019",
    journal = "Phys. Rev. D",
    volume = "101",
    number = "5",
    pages = "056019",
    year = "2020"
}


@article{CMS:2018rym,
    author = {{CMS Collaboration}},
    collaboration = "CMS",
    title = "{Performance of the CMS muon detector and muon reconstruction with proton-proton collisions at $\sqrt{s}=$ 13 TeV}",
    eprint = "1804.04528",
    archivePrefix = "arXiv",
    primaryClass = "physics.ins-det",
    reportNumber = "CMS-MUO-16-001, CERN-EP-2018-058",
    doi = "10.1088/1748-0221/13/06/P06015",
    journal = "JINST",
    volume = "13",
    number = "06",
    pages = "P06015",
    year = "2018"
}

@article{CMS:2015xaf,
    author = {{CMS Collaboration}},
    collaboration = "CMS",
    title = "{Performance of Electron Reconstruction and Selection with the CMS Detector in Proton-Proton Collisions at \ensuremath{\sqrt{}}s = 8  TeV}",
    eprint = "1502.02701",
    archivePrefix = "arXiv",
    primaryClass = "physics.ins-det",
    reportNumber = "CMS-EGM-13-001, CERN-PH-EP-2015-004",
    doi = "10.1088/1748-0221/10/06/P06005",
    journal = "JINST",
    volume = "10",
    number = "06",
    pages = "P06005",
    year = "2015"
}


@article{GEANT4:2002zbu,
    author = "Agostinelli, S. and others",
    collaboration = "GEANT4",
    title = "{GEANT4--a simulation toolkit}",
    reportNumber = "SLAC-PUB-9350, FERMILAB-PUB-03-339, CERN-IT-2002-003",
    doi = "10.1016/S0168-9002(03)01368-8",
    journal = "Nucl. Instrum. Meth. A",
    volume = "506",
    pages = "250",
    year = "2003"
}

@article{TuneCP5Paper,
    author = {{CMS Collaboration}},
    collaboration = "CMS",
    title = "{Extraction and validation of a new set of CMS PYTHIA8 tunes from underlying-event measurements}",
    eprint = "1903.12179",
    archivePrefix = "arXiv",
    primaryClass = "hep-ex",
    reportNumber = "CMS-GEN-17-001, CERN-EP-2019-007",
    doi = "10.1140/epjc/s10052-019-7499-4",
    journal = "Eur. Phys. J. C",
    volume = "80",
    number = "1",
    pages = "4",
    year = "2020"
}

%%%wsim
@article{Alwall:2014hca,
    author = "Alwall, J. and Frederix, R. and Frixione, S. and Hirschi, V. and Maltoni, F. and Mattelaer, O. and Shao, H. -S. and Stelzer, T. and Torrielli, P. and Zaro, M.",
    title = "{The automated computation of tree-level and next-to-leading order differential cross sections, and their matching to parton shower simulations}",
    eprint = "1405.0301",
    archivePrefix = "arXiv",
    primaryClass = "hep-ph",
    reportNumber = "CERN-PH-TH-2014-064, CP3-14-18, LPN14-066, MCNET-14-09, ZU-TH-14-14",
    doi = "10.1007/JHEP07(2014)079",
    journal = "JHEP",
    volume = "07",
    pages = "079",
    year = "2014"
}

@article{Nason:2004rx,
      author         = "Nason, Paolo",
      title          = "{A} new method for combining {NLO} {QCD} with shower {M}onte
                        {C}arlo algorithms",
      journal        = "JHEP",
      volume         = "11",
      year           = "2004",
      pages          = "040",
      doi            = "10.1088/1126-6708/2004/11/040",
      eprint         = "hep-ph/0409146",
      archivePrefix  = "arXiv",
      primaryClass   = "hep-ph",
      reportNumber   = "BICOCCA-FT-04-11",
      SLACcitation   = "%%CITATION = HEP-PH/0409146;%%"
}

@article{Anastasiou:2016cez,
    author = "Anastasiou, Charalampos and Duhr, Claude and Dulat, Falko and Furlan, Elisabetta and Gehrmann, Thomas and Herzog, Franz and Lazopoulos, Achilleas and Mistlberger, Bernhard",
    title = "{H}igh precision determination of the gluon fusion {H}iggs boson cross-section at the {LHC}",
    eprint = "1602.00695",
    archivePrefix = "arXiv",
    primaryClass = "hep-ph",
    reportNumber = "CP3-16-01, ZU-TH-27-15, NIKHEF-2016-004, CERN-TH-2016-006",
    doi = "10.1007/JHEP05(2016)058",
    journal = "JHEP",
    volume = "05",
    pages = "058",
    year = "2016"
}

@article{Cacciari:2015jma,
    author = "Cacciari, Matteo and Dreyer, Fr{\'{e}}d{\'{e}}ric A. and Karlberg, Alexander and Salam, Gavin P. and Zanderighi, Giulia",
    title = "{F}ully differential Vector-Boson-Fusion {H}iggs Production at Next-to-Next-to-Leading Order",
    eprint = "1506.02660",
    archivePrefix = "arXiv",
    primaryClass = "hep-ph",
    reportNumber = "CERN-PH-TH-2015-127, OUTP-15-12P",
    doi = "10.1103/PhysRevLett.115.082002",
    journal = "Phys. Rev. Lett.",
    volume = "115",
    pages = "082002",
    year = "2015",
    note = "[Erratum: \DOI{10.1103/PhysRevLett.120.139901}]"
}

@article{Brein:2003wg,
    author = "Brein, Oliver and Djouadi, Abdelhak and Harlander, Robert",
    title = "{NNLO QCD} corrections to the {H}iggs-strahlung processes at hadron colliders",
    eprint = "hep-ph/0307206",
    archivePrefix = "arXiv",
    reportNumber = "MPP-2003-35, CERN-TH-2003-161, PM-03-16",
    doi = "10.1016/j.physletb.2003.10.112",
    journal = "Phys. Lett. B",
    volume = "579",
    pages = "149",
    year = "2004"
}

@article{Dawson:2003zu,
    author = "Dawson, S. and Jackson, C. and Orr, L. H. and Reina, L. and Wackeroth, D.",
    title = "{A}ssociated {H}iggs production with top quarks at the large hadron collider: {NLO QCD} corrections",
    eprint = "hep-ph/0305087",
    archivePrefix = "arXiv",
    reportNumber = "BNL-HET-03-9, FSU-HEP-2003-0503, UB-HET-03-02",
    doi = "10.1103/PhysRevD.68.034022",
    journal = "Phys. Rev. D",
    volume = "68",
    pages = "034022",
    year = "2003"
}

@article{Frixione:2014qaa,
    author = "Frixione, S. and Hirschi, V. and Pagani, D. and Shao, H. S. and Zaro, M.",
    title = "{W}eak corrections to {H}iggs hadroproduction in association with a top-quark pair",
    eprint = "1407.0823",
    archivePrefix = "arXiv",
    primaryClass = "hep-ph",
    reportNumber = "CERN-PH-TH-2014-123, CP3-14-49",
    doi = "10.1007/JHEP09(2014)065",
    journal = "JHEP",
    volume = "09",
    pages = "065",
    year = "2014"
}

@article{Frixione:2007vw,
      author         = "Frixione, Stefano and Nason, Paolo and Oleari, Carlo",
      title          = "{M}atching {NLO} {QCD} computations with {P}arton {S}hower
                        simulations: the {POWHEG} method",
      journal        = "JHEP",
      volume         = "11",
      year           = "2007",
      pages          = "070",
      doi            = "10.1088/1126-6708/2007/11/070",
      eprint         = "0709.2092",
      archivePrefix  = "arXiv",
      primaryClass   = "hep-ph",
      reportNumber   = "BICOCCA-FT-07-9, GEF-TH-21-2007",
      SLACcitation   = "%%CITATION = ARXIV:0709.2092;%%"
}

@article{Alioli:2010xd,
      author         = "Alioli, Simone and Nason, Paolo and Oleari, Carlo and Re,
                        Emanuele",
      title          = "{A} general framework for implementing {NLO} calculations in shower {M}onte {C}arlo programs: the {POWHEG BOX}",
      journal        = "JHEP",
      volume         = "06",
      year           = "2010",
      pages          = "043",
      doi            = "10.1007/JHEP06(2010)043",
      eprint         = "1002.2581",
      archivePrefix  = "arXiv",
      primaryClass   = "hep-ph",
      reportNumber   = "DESY-10-018, SFB-CPP-10-22, IPPP-10-11, DCPT-10-22",
      SLACcitation   = "%%CITATION = ARXIV:1002.2581;%%"                                                                                                                                                
}

@article{Nason:2009ai,
      author         = "Nason, Paolo and Oleari, Carlo",
      title          = "{NLO} {H}iggs boson production via vector-boson-fusion
                        matched with shower in {POWHEG}",
      journal        = "JHEP",
      volume         = "02",
      year           = "2010",
      pages          = "037",
      doi            = "10.1007/JHEP02(2010)037",
      eprint         = "0911.5299",
      archivePrefix  = "arXiv",
      primaryClass   = "hep-ph",
      SLACcitation   = "%%CITATION = ARXIV:0911.5299;%%"
}

@article{Bagnaschi:2011tu,
      author         = "Bagnaschi, E. and Degrassi, G. and Slavich, P. and
                        Vicini, A.",
      title          = "{H}iggs production via gluon fusion in the {POWHEG} approach
                        in the {SM} and in the {MSSM}",
      journal        = "JHEP",
      volume         = "02",
      year           = "2012",
      pages          = "088",
      doi            = "10.1007/JHEP02(2012)088",
      eprint         = "1111.2854",
      archivePrefix  = "arXiv",
      primaryClass   = "hep-ph",
      reportNumber   = "RM3-TH-11-5, IFUM-990-FT",
      SLACcitation   = "%%CITATION = ARXIV:1111.2854;%%"
}


@article{Hartanto:2015uka,
    author = "Hartanto, Heribertus B. and Jager, Barbara and Reina, Laura and Wackeroth, Doreen",
    title  = "{H}iggs boson production in association with top quarks in the {POWHEG BOX}",
    eprint = "1501.04498",
    archivePrefix = "arXiv",
    primaryClass = "hep-ph",
    doi = "10.1103/PhysRevD.91.094003",
    journal = "Phys. Rev. D",
    volume  = "91",
    pages   = "094003",
    year    = "2015"
}

@article{Demartin:2015uha,
    author = "Demartin, Federico and Maltoni, Fabio and Mawatari, Kentarou and Zaro, Marco",
    title = "{H}iggs production in association with a single top quark at the {LHC}",
    eprint = "1504.00611",
    archivePrefix = "arXiv",
    primaryClass = "hep-ph",
    reportNumber = "MCNET-15-07, CP3-15-08",
    doi = "10.1140/epjc/s10052-015-3475-9",
    journal = "Eur. Phys. J. C",
    volume = "75",
    pages = "267",
    year = "2015"
}

@article{Demartin:2016axk,
    author = "Demartin, Federico and Maier, Benedikt and Maltoni, Fabio and Mawatari, Kentarou and Zaro, Marco",
    title = "${\cPqt\PW\PH}$ associated production at the {LHC}",
    eprint = "1607.05862",
    archivePrefix = "arXiv",
    primaryClass = "hep-ph",
    reportNumber = "MCNET-16-30, CP3-16-40, LPSC16158",
    doi = "10.1140/epjc/s10052-017-4601-7",
    journal = "Eur. Phys. J. C",
    volume = "77",
    pages = "34",
    year = "2017"
}

@article{Campbell:2011bn,
      author         = "Campbell, John M. and Ellis, R. Keith and Williams,
                        Ciaran",
      title          = "{V}ector boson pair production at the {LHC}",
      journal        = "JHEP",
      volume         = "07",
      year           = "2011",
      pages          = "018",
      doi            = "10.1007/JHEP07(2011)018",
      eprint         = "1105.0020",
      archivePrefix  = "arXiv",
      primaryClass   = "hep-ph",
      reportNumber   = "FERMILAB-PUB-11-182-T",
      SLACcitation   = "%%CITATION = ARXIV:1105.0020;%%"
}

@article{Hamilton:2013fea,
      author         = "Hamilton, Keith and Nason, Paolo and Re, Emanuele and
                        Zanderighi, Giulia",
      title          = "{NNLOPS} simulation of {H}iggs boson production",
      journal        = "JHEP",
      volume         = "10",
      year           = "2013",
      pages          = "222",
      doi            = "10.1007/JHEP10(2013)222",
      eprint         = "1309.0017",
      archivePrefix  = "arXiv",
      primaryClass   = "hep-ph",
      reportNumber   = "MCNET-13-11, CERN-PH-TH-2013-205, OUTP-13-18P",
      SLACcitation   = "%%CITATION = ARXIV:1309.0017;%%"
}

@article{Ball:2014uwa,
      author         = "Ball, Richard D. and others",
      title          = "{P}arton distributions for the {LHC} {Run II}",
      collaboration  = "NNPDF",
      journal        = "JHEP",
      volume         = "04",
      year           = "2015",
      pages          = "040",
      doi            = "10.1007/JHEP04(2015)040",
      eprint         = "1410.8849",
      archivePrefix  = "arXiv",
      primaryClass   = "hep-ph",
      reportNumber   = "EDINBURGH-2014-15, IFUM-1034-FT, CERN-PH-TH-2013-253,
                        OUTP-14-11P, CAVENDISH-HEP-14-11",
      SLACcitation   = "%%CITATION = ARXIV:1410.8849;%%"
}

@article{Ball:2017nwa,
      author         = "Ball, Richard D. and others",
      title          = "{P}arton distributions from high-precision collider data",
      collaboration  = "NNPDF",
      journal        = "Eur. Phys. J. C",
      volume         = "77",
      year           = "2017",
      pages          = "663",
      doi            = "10.1140/epjc/s10052-017-5199-5",
      eprint         = "1706.00428",
      archivePrefix  = "arXiv",
      primaryClass   = "hep-ph",
      reportNumber   = "CAVENDISH-HEP-17-06, CERN-TH-2017-077, EDINBURGH-2017-08,
                        NIKHEF-2017-006, OUTP-17-04P, TIF-UNIMI-2017-3",
      SLACcitation   = "%%CITATION = ARXIV:1706.00428;%%"
}

@article{Sjostrand:2014zea,
      author         = "Sj{\"o}strand, Torbj{\"o}rn and Ask, Stefan and Christiansen,
                        Jesper R. and Corke, Richard and Desai, Nishita and Ilten,
                        Philip and Mrenna, Stephen and Prestel, Stefan and
                        Rasmussen, Christine O. and Skands, Peter Z.",
      title          = "{An Introduction to PYTHIA 8.2}",
      journal        = "Comput. Phys. Commun.",
      volume         = "191",
      year           = "2015",
      pages          = "159",
      doi            = "10.1016/j.cpc.2015.01.024",
      eprint         = "1410.3012",
      archivePrefix  = "arXiv",
      primaryClass   = "hep-ph",
      reportNumber   = "LU-TP-14-36, MCNET-14-22, CERN-PH-TH-2014-190,
                        FERMILAB-PUB-14-316-CD, DESY-14-178, SLAC-PUB-16122",
      SLACcitation   = "%%CITATION = ARXIV:1410.3012;%%"
}


@article{Bellm:2015jjp,
      author         = "Bellm, Johannes and others",
      title          = "{Herwig 7.0/Herwig++ 3.0} release note",
      journal        = "Eur. Phys. J. C",
      volume         = "76",
      year           = "2016",
      pages          = "196",
      doi            = "10.1140/epjc/s10052-016-4018-8",
      eprint         = "1512.01178",
      archivePrefix  = "arXiv",
      primaryClass   = "hep-ph",
      reportNumber   = "CERN-PH-TH-2015-289, MAN-HEP-2015-15, IFJPAN-IV-2015-13,
                        KA-TP-18-2015, DCPT-15-142, MCNET-15-28, IPPP-15-71,
                        HERWIG-2015-01",
      SLACcitation   = "%%CITATION = ARXIV:1512.01178;%%"
}


@article{Czakon:2011xx,
      author         = "Czakon, Michal and Mitov, Alexander",
      title          = "{Top++}: {A} program for the calculation of the top-pair
                        cross-section at hadron colliders",
      journal        = "Comput. Phys. Commun.",
      volume         = "185",
      year           = "2014",
      pages          = "2930",
      doi            = "10.1016/j.cpc.2014.06.021",
      eprint         = "1112.5675",
      archivePrefix  = "arXiv",
      primaryClass   = "hep-ph",
      reportNumber   = "CERN-PH-TH-2011-303, TTK-11-58",
      SLACcitation   = "%%CITATION = ARXIV:1112.5675;%%"
}

@article{Kant:2014oha,
      author         = "Kant, P. and Kind, O. M. and Kintscher, T. and Lohse, T.
                        and Martini, T. and M{\"{o}}lbitz, S. and Rieck, P. and Uwer, P.",
      title          = "{HATHOR} for single top-quark production: Updated
                        predictions and uncertainty estimates for single top-quark
                        production in hadronic collisions",
      journal        = "Comput. Phys. Commun.",
      volume         = "191",
      year           = "2015",
      pages          = "74",
      doi            = "10.1016/j.cpc.2015.02.001",
      eprint         = "1406.4403",
      archivePrefix  = "arXiv",
      primaryClass   = "hep-ph",
      reportNumber   = "HU-EP-14-22",
      SLACcitation   = "%%CITATION = ARXIV:1406.4403;%%"
}



@article{Alwall:2007fs,
      author         = "Alwall, J. and H{\"o}che, S. and Krauss, F. and Lavesson, N. and L{\"o}nnblad, L. 
                        and Maltoni, F. and Mangano, M. L. and Moretti, M. and Papadopoulos, C. G. 
                        and Piccinini, F. and Schumann, S. and Treccani, M. and Winter, J. and Worek, M.",
      title          = "{C}omparative study of various algorithms for the merging
                        of parton showers and matrix elements in hadronic
                        collisions",
      journal        = "Eur. Phys. J. C",
      volume         = "53",
      year           = "2008",
      pages          = "473",
      doi            = "10.1140/epjc/s10052-007-0490-5",
      eprint         = "0706.2569",
      archivePrefix  = "arXiv",
      primaryClass   = "hep-ph",
      reportNumber   = "SLAC-PUB-12604, CERN-PH-TH-2007-066, LU-TP-07-13,
                        KA-TP-06-2007, DCPT-07-62, IPPP-07-31",
      SLACcitation   = "%%CITATION = ARXIV:0706.2569;%%"
}

@article{Frederix:2012ps,
      author         = "Frederix, Rikkert and Frixione, Stefano",
      title          = "{M}erging meets matching in {MC@NLO}",
      journal        = "JHEP",
      volume         = "12",
      year           = "2012",
      pages          = "061",
      doi            = "10.1007/JHEP12(2012)061",
      eprint         = "1209.6215",
      archivePrefix  = "arXiv",
      primaryClass   = "hep-ph",
      reportNumber   = "CERN-PH-TH-2012-247, ZU-TH-21-12",
      SLACcitation   = "%%CITATION = ARXIV:1209.6215;%%"
}

@article{Li:2012wna,
      author         = "Li, Ye and Petriello, Frank",
      title          = "{C}ombining {QCD} and electroweak corrections to dilepton
                        production in {FEWZ}",
      journal        = "Phys. Rev. D",
      volume         = "86",
      year           = "2012",
      pages          = "094034",
      doi            = "10.1103/PhysRevD.86.094034",
      eprint         = "1208.5967",
      archivePrefix  = "arXiv",
      primaryClass   = "hep-ph",
      reportNumber   = "ANL-HEP-PR-12-68",
      SLACcitation   = "%%CITATION = ARXIV:1208.5967;%%"
}

@article{Gehrmann:2014fva,
    author = "Gehrmann, T. and Grazzini, M. and Kallweit, S. and Maierh{\"{o}}fer, P. and von Manteuffel, A. and Pozzorini, S. and Rathlev, D. and Tancredi, L.",
    title  = "${\PW^+\PW^-}$ production at hadron colliders in next-to-next-to-leading order {QCD}",
    eprint = "1408.5243",
    archivePrefix = "arXiv",
    primaryClass  = "hep-ph",
    reportNumber  = "ZU-TH-29-14, MITP-14-053",
    doi           = "10.1103/PhysRevLett.113.212001",
    journal       = "Phys. Rev. Lett.",
    volume        = "113",
    pages         = "212001",
    year          = "2014"
}

@article{Grazzini:2017ckn,
    author = "Grazzini, Massimiliano and Kallweit, Stefan and Rathlev, Dirk and Wiesemann, Marius",
    title  = "${\PW^\pm \PZ}$ production at the {LHC}: fiducial cross sections and distributions in {NNLO} {QCD}",
    eprint = "1703.09065",
    archivePrefix = "arXiv",
    primaryClass = "hep-ph",
    reportNumber = "ZU-TH-06-17, CERN-TH-2017-065",
    doi      = "10.1007/JHEP05(2017)139",
    journal  = "JHEP",
    volume   = "05",
    pages    = "139",
    year     = "2017"
}

@article{Grazzini:2015hta,
    author = "Grazzini, Massimiliano and Kallweit, Stefan and Rathlev, Dirk",
    title  = "${\PZ\PZ}$ production at the {LHC}: fiducial cross sections and distributions in {NNLO} {QCD}",
    eprint        = "1507.06257",
    archivePrefix = "arXiv",
    primaryClass   = "hep-ph",
    doi = "10.1016/j.physletb.2015.09.055",
    journal = "Phys. Lett. B",
    volume  = "750",
    pages   = "407",
    year    = "2015"
}

@article{Hamilton:2015nsa,
      author         = "Hamilton, Keith and Nason, Paolo and Zanderighi, Giulia",
      title          = "{F}inite quark-mass effects in the {NNLOPS} {POWHEG+MiNLO} {H}iggs generator",
      journal        = "JHEP",
      volume         = "05",
      year           = "2015",
      pages          = "140",
      doi            = "10.1007/JHEP05(2015)140",
      eprint         = "1501.04637",
      archivePrefix  = "arXiv",
      primaryClass   = "hep-ph",
      reportNumber   = "CERN-PH-TH-2015-006",
      SLACcitation   = "%%CITATION = ARXIV:1501.04637;%%"
}

@article{PhysRevD.16.2219,
  title   = "{A}ngular distribution of dileptons in high-energy hadron collisions",
  author  = {Collins, John C. and Soper, Davison E.},
  journal = {Phys. Rev. D},
  volume  = {16},
  pages   = {2219},
  year    = {1977},
  publisher = {American Physical Society},
  doi = {10.1103/PhysRevD.16.2219},
}


@article{Jager:2020hkz,
    author= "J{\"{a}}ger, Barbara and Karlberg, Alexander and Pl{\"{a}}tzer, Simon and Scheller, Johannes and Zaro, Marco",
    title = "{P}arton-shower effects in {H}iggs production via Vector-Boson-Fusion",
    eprint = "2003.12435",
    archivePrefix = "arXiv",
    primaryClass = "hep-ph",
    reportNumber = "OUTP-20-01P, MCNET-20-14, UWTHPH 2020-4, TIF-UNIMI-2020-10, VBSCAN-PUB-01-20, TIF-UNIMI-2020-10, VBSCAN-PUB-01-20",
    doi = "10.1140/epjc/s10052-020-8326-7",
    journal = "Eur. Phys. J. C",
    volume = "80",
    pages = "756",
    year = "2020"
}


@article{Cabouat:2017rzi,
    author = "Cabouat, Baptiste and Sj{\"o}strand, Torbj{\"o}rn",
    title = "{S}ome Dipole Shower Studies",
    eprint = "1710.00391",
    archivePrefix = "arXiv",
    primaryClass = "hep-ph",
    reportNumber = "MCNET-17-14, LU-TP-17-28",
    doi = "10.1140/epjc/s10052-018-5645-z",
    journal = "Eur. Phys. J. C",
    volume = "78",
    pages = "226",
    year = "2018"
}


@article{Khachatryan:2015pea,
      author         = {{CMS Collaboration}},
      title          = "{E}vent generator tunes obtained from underlying event and multiparton scattering measurements",
      collaboration  = "CMS",
      journal        = "Eur. Phys. J. C",
      volume         = "76",
      year           = "2016",
      pages          = "155",
      doi            = "10.1140/epjc/s10052-016-3988-x",
      eprint         = "1512.00815",
      archivePrefix  = "arXiv",
      primaryClass   = "hep-ex",
      reportNumber   = "CMS-GEN-14-001, CERN-PH-EP-2015-291",
      SLACcitation   = "%%CITATION = ARXIV:1512.00815;%%"
}

@article{Mangano:2006rw,
    author = "Mangano, Michelangelo L. and Moretti, Mauro and Piccinini, Fulvio and Treccani, Michele",
    title = "{Matching matrix elements and shower evolution for top-quark production in hadronic collisions}",
    eprint = "hep-ph/0611129",
    archivePrefix = "arXiv",
    reportNumber = "CERN-PH-TH-2006-232, FNT-T-2006-09",
    doi = "10.1088/1126-6708/2007/01/013",
    journal = "JHEP",
    volume = "01",
    pages = "013",
    year = "2007"
}

@article{Campbell:2014kua,
      author         = "Campbell, John M. and Ellis, R. Keith and Nason, Paolo
                        and Re, Emanuele",
      title          = "{Top-Pair production and decay at NLO matched with parton
                        showers}",
      journal        = "JHEP",
      volume         = "04",
      year           = "2015",
      pages          = "114",
      doi            = "10.1007/JHEP04(2015)114",
      eprint         = "1412.1828",
      archivePrefix  = "arXiv",
      primaryClass   = "hep-ph",
      reportNumber   = "FERMILAB-PUB-14-504-T, OUTP-14-17P",
      SLACcitation   = "%%CITATION = ARXIV:1412.1828;%%"
}
\textbf{}

@article{Larkoski:2014wba,
    author = "Larkoski, Andrew J. and Marzani, Simone and Soyez, Gregory and Thaler, Jesse",
    title = "{Soft Drop}",
    eprint = "1402.2657",
    archivePrefix = "arXiv",
    primaryClass = "hep-ph",
    reportNumber = "MIT-CTP-4531, DCPT-14-24, IPPP-14-12",
    doi = "10.1007/JHEP05(2014)146",
    journal = "JHEP",
    volume = "05",
    pages = "146",
    year = "2014"
}

@article{Dasgupta:2013ihk,
    author = "Dasgupta, Mrinal and Fregoso, Alessandro and Marzani, Simone and Salam, Gavin P.",
    title = "{Towards an understanding of jet substructure}",
    eprint = "1307.0007",
    archivePrefix = "arXiv",
    primaryClass = "hep-ph",
    reportNumber = "CERN-PH-TH-2013-145, DCPT-13-86, IPPP-13-43, LPN13-036, MAN-HEP-2013-12",
    doi = "10.1007/JHEP09(2013)029",
    journal = "JHEP",
    volume = "09",
    pages = "029",
    year = "2013"
}

@article{Bertolini:2014bba,
    author = "Bertolini, Daniele and Harris, Philip and Low, Matthew and Tran, Nhan",
    title = "{Pileup Per Particle Identification}",
    eprint = "1407.6013",
    archivePrefix = "arXiv",
    primaryClass = "hep-ph",
    reportNumber = "FERMILAB-PUB-14-238-PPD, EFI-14-18, MIT-CTP-4558",
    doi = "10.1007/JHEP10(2014)059",
    journal = "JHEP",
    volume = "10",
    pages = "059",
    year = "2014"
}

@article{NatureHiggsCMS2022,
    author = {{CMS Collaboration}},
    collaboration = "CMS",
    title = "{A portrait of the Higgs boson by the CMS experiment ten years after the discovery.}",
    eprint = "2207.00043",
    archivePrefix = "arXiv",
    primaryClass = "hep-ex",
    reportNumber = "CMS-HIG-22-001, CERN-EP-2022-039",
    doi = "10.1038/s41586-022-04892-x",
    journal = "Nature",
    volume = "607",
    number = "7917",
    pages = "60",
    year = "2022"
}

@article{NatureHiggsATLAS2022,
author={{ATLAS Collaboration}},
collaboration="ATLAS",
title="{A detailed map of Higgs boson interactions by the ATLAS experiment ten years after the discovery}",
journal={Nature},
year={2022},
month={Jul},
day={01},
volume={607},
number={7917},
pages={52-59},
issn={1476-4687},
doi={10.1038/s41586-022-04893-w},
url={https://doi.org/10.1038/s41586-022-04893-w}
}


%%end sim

@article{Artoisenet2010,
author={Artoisenet, Pierre and Lema{\^i}tre, Vincent and Maltoni, Fabio and Mattelaer, Olivier},
title={Automation of the matrix element reweighting method},
journal={Journal of High Energy Physics},
year={2010},
month={Dec},
day={15},
volume={2010},
number={12},
pages={68},
issn={1029-8479},
doi={10.1007/JHEP12(2010)068},
eprint = "1007.3300",
}

@article{Aad2016MLM,
    author = {{ATLAS and CMS Collaborations}},
    collaboration = "ATLAS, CMS",
    title = "{Measurements of the Higgs boson production and decay rates and constraints on its couplings from a combined ATLAS and CMS analysis of the LHC pp collision data at $ \sqrt{s}=7 $ and 8 TeV}",
    eprint = "1606.02266",
    archivePrefix = "arXiv",
    primaryClass = "hep-ex",
    reportNumber = "CERN-EP-2016-100, ATLAS-HIGG-2015-07, CMS-HIG-15-002",
    doi = "10.1007/JHEP08(2016)045",
    journal = "JHEP",
    volume = "08",
    pages = "045",
    year = "2016"
}


%LUMI

@article{CMS-LUM-17-003,
  archiveprefix = {arXiv},
  author        = {{CMS Collaboration}},
  collaboration = {CMS},
  doi           = {10.1140/epjc/s10052-021-09538-2},
  eprint        = {2104.01927},
  journal       = {Eur. Phys. J. C},
  pages         = {800},
  primaryclass  = {hep-ex},
  reportnumber  = {CMS-LUM-17-003, CERN-EP-2021-033},
  title         = {Precision luminosity measurement in proton-proton collisions at {$\sqrt{s} = 13\TeV$} in 2015 and 2016 at {CMS}},
  volume        = {81},
  year          = {2021}
}

@techreport{CMS-PAS-LUM-17-004,
  author        = {{CMS Collaboration}},
  collaboration = {{CMS}},
  number        = {CMS-PAS-LUM-17-004},
  title         = {{CMS} luminosity measurement for the 2017 data-taking period at {$\sqrt{s} = 13\TeV$}},
  type          = {CMS Physics Analysis Summary},
  url           = {https://cds.cern.ch/record/2621960/},
  year          = {2018}
}

@techreport{CMS-PAS-LUM-18-002,
  author        = {{CMS Collaboration}},
  collaboration = {{CMS}},
  number        = {CMS-PAS-LUM-18-002},
  title         = {{CMS} luminosity measurement for the 2018 data-taking period at {$\sqrt{s} = 13\TeV$}},
  type          = {CMS Physics Analysis Summary},
  url           = {https://cds.cern.ch/record/2676164/},
  year          = {2019}
}

@article{Luisoni:2013cuh,
    author = "Luisoni, Gionata and Nason, Paolo and Oleari, Carlo and Tramontano, Francesco",
    title = "{$HW^{\pm}$/HZ + 0 and 1 jet at NLO with the POWHEG BOX interfaced to GoSam and their merging within MiNLO}",
    eprint = "1306.2542",
    archivePrefix = "arXiv",
    primaryClass = "hep-ph",
    doi = "10.1007/JHEP10(2013)083",
    journal = "JHEP",
    volume = "10",
    pages = "083",
    year = "2013"
}

@article{Low2010,
author={Low, Ian and Lykken, Joseph},
title={Revealing the electroweak properties of a new scalar resonance},
journal={Journal of High Energy Physics},
year={2010},
month={Oct},
day={14},
volume={2010},
number={10},
pages={53},
issn={1029-8479},
doi={10.1007/JHEP10(2010)053},
eprint="1005.0872",
archivePrefix="arXiv",
primaryClass="hep-ph"
}

@article{GEORGI1985463,
author = {Howard Georgi and Marie Machacek},
title = {Doubly charged Higgs bosons},
journal = {Nuclear Physics B},
volume = {262},
number = {3},
pages = {463},
year = {1985},
issn = {0550-3213},
doi = {10.1016/0550-3213(85)90325-6},
}

@book{Taylor1419554,
   title =     {The Atomists: Leucippus and Democritus - Fragments (a text and translation with a commentary)},
   author =    {Christopher Taylor},
   publisher = {University of Toronto Press},
   isbn =      {0802043909,9780802043900,9781442671102,1442671106},
   year =      {1999},
   series =    {Phoenix Supplementary Volumes 36, Phoenix pre-Socratics 5.},
   edition =   {},
   volume =    {},
   url =       {https://utorontopress.com/9781442671102/the-atomists-leucippus-and-democritus/}
}

@article{Prout,
author = {William Prout},
title = {On the Relation between the Specific Gravities of Bodies in their Gaseous State and the Weights of their Atoms},
journal = {Annals of Philosophy},
volume = {6},
number = {3},
pages = {321},
year = {1815}
}

@inproceedings{Dalton1805,
    author = "John Dalton",
    title = "On the Proportion of the Several Gases in the Atmosphere",
    year = "1805",
    booktitle = "Memoirs of the Literary and Philosophical Society of Manchester",
    pages = "244",
    series = {$2^{nd}$ Series},
    volume = {1}
}

@book{Dalton1808,
  title={{A New System of Chemical Philosophy}},
  author={John Dalton},
  year={1898},
  publisher={S. Russell for R. Bickerstaff},
  address={Strand, London}
}

@article{Becquerel,
  title={Sur les radiations {\'e}mises par phosphorescence},
  author={Becquerel, Henri},
  journal={Comptes rendus de l'Academie des Sciences, Paris},
  volume={122},
  pages={420},
  year={1896}
}

@book{Curie,
  title={Rayons {\'e}mis par les compos{\'e}s de l'uranium et du thorium},
  author={Curie, Marie and Lippmann M., Gabriel},
  year={1898},
  publisher={Gauthier-Villars}
}

@article{RADVANYI2017544,
title = {The discovery of radioactivity},
journal = {Comptes Rendus Physique},
volume = {18},
number = {9},
pages = {544-550},
year = {2017},
note = {Science in the making: The Comptes rendus de l’Acad{\'e}mie des sciences throughout history},
issn = {1631-0705},
doi = {https://doi.org/10.1016/j.crhy.2017.10.008},
url = {https://www.sciencedirect.com/science/article/pii/S1631070517300786},
author = {Pierre Radvanyi and Jacques Villain},
}

@article{Perrin,
author={Jean Perrin},
title={Brownian Movement and Molecular Reality},
journal={Nature},
year={1911},
month={Mar},
day={01},
volume={86},
number={2160},
pages={105-105},
issn={1476-4687},
doi={10.1038/086105a0},
url={https://doi.org/10.1038/086105a0},
note={translated from Annales de Chimie et de Physique, $8^{th}$ Series, 1909, by F. Soddy.}
}

@article{Brown,
author = {Robert Brown},
title = {{XXVII}. {A} brief account of microscopical observations made in the months of {June, July and August} 1827, on the particles contained in the pollen of plants; and on the general existence of active molecules in organic and inorganic bodies },
journal = {The Philosophical Magazine},
volume = {4},
number = {21},
pages = {161-173},
year = {1828},
publisher = {Taylor \& Francis},
doi = {10.1080/14786442808674769},
}

@article{EinsteinBrownian,
author = {Albert Einstein},
title = {{\"Uber die von der molekularkinetischen Theorie der W\"arme geforderte Bewegung von in ruhenden Fl\"ussigkeiten suspendierten Teilche}},
journal = {Annalen der Physik},
volume = {322},
number = {8},
pages = {549-560},
doi = {https://doi.org/10.1002/andp.19053220806},
url = {https://onlinelibrary.wiley.com/doi/abs/10.1002/andp.19053220806},
eprint = {https://onlinelibrary.wiley.com/doi/pdf/10.1002/andp.19053220806},
year = {1905}
}

@article{EinsteinPhotoelectric,
author = {Albert Einstein},
title = {{\"Uber einen die Erzeugung und Verwandlung des Lichtes betreffenden heuristischen Gesichtspunkt}},
journal = {Annalen der Physik},
volume = {322},
number = {6},
pages = {132-148},
doi = {https://doi.org/10.1002/andp.19053220607},
url = {https://onlinelibrary.wiley.com/doi/abs/10.1002/andp.19053220607},
eprint = {https://onlinelibrary.wiley.com/doi/pdf/10.1002/andp.19053220607},
year = {1905}
}

@book{GriffithsParticle,
      author        = "Griffiths, David J",
      title         = "{Introduction to elementary particles}",
      publisher     = "Wiley",
      address       = "New York, USA",
      series        = "Physics textbook",
      year          = "2008",
      edition       = {$2^\mathrm{nd}$}
}

@book{SrednickiQFT,
      author        = "Srednicki, Mark",
      title         = "{Quantum Field Theory}",
      publisher     = "Cambridge University Press",
      address       = "Cambridge, UK",
      series        = "Physics textbook",
      year          = "2007",
      edition       = {$1^\mathrm{st}$}
}

@book{PeskinSchroederQFT,
      author        = "Peskin, Michael E and Schroeder, Daniel V",
      title         = "{An Introduction To Quantum Field Theory}",
      isbn          = "978-0-201-50397-5",
      publisher     = "Addison-Wesley",
      address       = "Reading, USA",
      series        = "Physics textbook",
      year          = "1995",
      edition       = {$1^\mathrm{st}$}
}

@article{Chadwick1932,
author={Chadwick, J.},
title={Possible Existence of a Neutron},
journal={Nature},
year={1932},
month={Feb},
day={01},
volume={129},
number={3252},
pages={312-312},
issn={1476-4687},
doi={10.1038/129312a0},
url={https://doi.org/10.1038/129312a0}
}

@article{Bohr,
author = {N. Bohr},
title = {{I. On the constitution of atoms and molecules}},
journal = {The London, Edinburgh, and Dublin Philosophical Magazine and Journal of Science},
volume = {26},
number = {151},
pages = {1-25},
year = {1913},
publisher = {Taylor \& Francis},
doi = {10.1080/14786441308634955},
URL = {https://doi.org/10.1080/14786441308634955},
eprint = {https://doi.org/10.1080/14786441308634955}
}

@article{Thompson,
author = {J. J. Thompson},
title = {Cathode rays},
journal = {The Philosophical Magazine},
volume = {44},
pages = {293-316},
year = {1897},
publisher = {Taylor \& Francis},
}

@article{Planck,
author = {M. Planck},
title = {{On the Theory of the Energy Distribution Law of the Normal Spectrum}},
journal = {Verhandlungen der Deutsche Physikalische Gesellschaft Berlin},
volume = {2},
pages = {237},
year = {1900}
}

@article{HigginsClaim,
author = {Grossman, Mark I. },
title = {{William Higgins at the Dublin Society, 1810–20: the loss of a professorship and a claim to the atomic theory}},
journal = {Notes and Records of the Royal Society},
volume = {64},
number = {4},
pages = {417-434},
year = {2010},
doi = {10.1098/rsnr.2010.0020},
URL = {https://royalsocietypublishing.org/doi/abs/10.1098/rsnr.2010.0020},
eprint = {https://royalsocietypublishing.org/doi/pdf/10.1098/rsnr.2010.0020},
}

@article{Gell-Mann:1961omu,
    author = "Gell-Mann, Murray",
    title = "{{The Eightfold Way: A Theory of strong interaction symmetry}}",
    reportNumber = "CTSL-20, TID-12608",
    doi = "10.2172/4008239",
    month = "3",
    year = "1961"
}

@article{PhysRevLett.12.204,
  title = {Observation of a Hyperon with Strangeness Minus Three},
  author = {Barnes, V. E. and Connolly, P. L. and Crennell, D. J. and Culwick, B. B. and Delaney, W. C. and Fowler, W. B. and Hagerty, P. E. and Hart, E. L. and Horwitz, N. and Hough, P. V. C. and Jensen, J. E. and Kopp, J. K. and Lai, K. W. and Leitner, J. and Lloyd, J. L. and London, G. W. and Morris, T. W. and Oren, Y. and Palmer, R. B. and Prodell, A. G. and Radoji\ifmmode \check{c}\else \v{c}\fi{}i\ifmmode \acute{c}\else \'{c}\fi{}, D. and Rahm, D. C. and Richardson, C. R. and Samios, N. P. and Sanford, J. R. and Shutt, R. P. and Smith, J. R. and Stonehill, D. L. and Strand, R. C. and Thorndike, A. M. and Webster, M. S. and Willis, W. J. and Yamamoto, S. S.},
  journal = {Phys. Rev. Lett.},
  volume = {12},
  issue = {8},
  pages = {204--206},
  numpages = {0},
  year = {1964},
  month = {Feb},
  publisher = {American Physical Society},
  doi = {10.1103/PhysRevLett.12.204},
  url = {https://link.aps.org/doi/10.1103/PhysRevLett.12.204}
}

@book{Lichtenberg:784713,
      author        = "Lichtenberg, Don Bernett and Rosen, S P",
      title         = "{Developments in the Quark Theory of Hadrons}",
      publisher     = "Hadronic Press",
      address       = "Nonantum, MA",
      year          = "1980",
      url           = "https://cds.cern.ch/record/784713",
      note          = "Not held by the CERN library",
}

@article{PhysRevLett.23.930,
  title = {High-Energy Inelastic $e\ensuremath{-}p$ Scattering at 6\ifmmode^\circ\else\textdegree\fi{} and 10\ifmmode^\circ\else\textdegree\fi{}},
  author = {Bloom, E. D. and Coward, D. H. and DeStaebler, H. and Drees, J. and Miller, G. and Mo, L. W. and Taylor, R. E. and Breidenbach, M. and Friedman, J. I. and Hartmann, G. C. and Kendall, H. W.},
  journal = {Phys. Rev. Lett.},
  volume = {23},
  issue = {16},
  pages = {930--934},
  numpages = {0},
  year = {1969},
  month = {Oct},
  publisher = {American Physical Society},
  doi = {10.1103/PhysRevLett.23.930},
  url = {https://link.aps.org/doi/10.1103/PhysRevLett.23.930}
}

@article{PhysRevLett.23.935,
  title = {Observed Behavior of Highly Inelastic Electron-Proton Scattering},
  author = {Breidenbach, M. and Friedman, J. I. and Kendall, H. W. and Bloom, E. D. and Coward, D. H. and DeStaebler, H. and Drees, J. and Mo, L. W. and Taylor, R. E.},
  journal = {Phys. Rev. Lett.},
  volume = {23},
  issue = {16},
  pages = {935--939},
  numpages = {0},
  year = {1969},
  month = {Oct},
  publisher = {American Physical Society},
  doi = {10.1103/PhysRevLett.23.935},
  url = {https://link.aps.org/doi/10.1103/PhysRevLett.23.935}
}

@article{ATLASdisc,
    author = {{ATLAS Collaboration}},
    collaboration = "ATLAS",
    title = "{Observation of a new particle in the search for the Standard Model Higgs boson with the ATLAS detector at the LHC}",
    eprint = "1207.7214",
    archivePrefix = "arXiv",
    primaryClass = "hep-ex",
    reportNumber = "CERN-PH-EP-2012-218",
    doi = "10.1016/j.physletb.2012.08.020",
    journal = "Phys. Lett. B",
    volume = "716",
    pages = "1--29",
    year = "2012"
}

@article{CMSdisc,
    author = {{CMS Collaboration}},
    collaboration = "CMS",
    title = "{Observation of a New Boson at a Mass of 125 GeV with the CMS Experiment at the LHC}",
    eprint = "1207.7235",
    archivePrefix = "arXiv",
    primaryClass = "hep-ex",
    reportNumber = "CMS-HIG-12-028, CERN-PH-EP-2012-220",
    doi = "10.1016/j.physletb.2012.08.021",
    journal = "Phys. Lett. B",
    volume = "716",
    pages = "30--61",
    year = "2012"
}

@article{ParticleNobels,
    doi = {10.1371/journal.pone.0234612},
    author = {Ioannidis, John P. A. AND Cristea, Ioana-Alina AND Boyack, Kevin W.},
    journal = {PLOS ONE},
    publisher = {Public Library of Science},
    title = {Work honored by Nobel prizes clusters heavily in a few scientific fields},
    year = {2020},
    month = {07},
    volume = {15},
    url = {https://doi.org/10.1371/journal.pone.0234612},
    pages = {1-11},
    number = {7}
}

@article{BestCMSLambdaWZ,
author={{CMS Collaboration}},
collaboration="CMS",
title="{Combined measurements of Higgs boson couplings in proton--proton collisions at $\sqrt{s} = 13$ TeV}",
journal={The European Physical Journal C},
year={2019},
month={May},
day={20},
volume={79},
number={5},
pages={421},
issn={1434-6052},
doi={10.1140/epjc/s10052-019-6909-y},
url={https://doi.org/10.1140/epjc/s10052-019-6909-y}
}

@book{NuclearPhysStars,
    publisher = {John Wiley & Sons, Ltd},
    isbn = {9783527618750},
    title = {Nuclear Physics of Stars},
    doi = {https://doi.org/10.1002/9783527618750.ch3},
    url = {https://onlinelibrary.wiley.com/doi/abs/10.1002/9783527618750.ch3},
    eprint = {https://onlinelibrary.wiley.com/doi/pdf/10.1002/9783527618750.ch3},
    year = {2007},
}

@inbook{Coleman,
    author = "Sidney Coleman",
    booktitle = "Aspects of Symmetry: Selected Erice Lectures",
    title = "Preface", 
    publisher = "Cambridge University Press",
    year = "1988"
}

@article{JMEPaper,
    author = {{CMS Collaboration}},
    collaboration="CMS",
    doi = {10.1088/1748-0221/14/07/P07004},
    url = {https://dx.doi.org/10.1088/1748-0221/14/07/P07004},
    year = {2019},
    month = {jul},
    publisher = {},
    volume = {14},
    number = {07},
    pages = {P07004},
    title = "{Performance of missing transverse momentum reconstruction in proton-proton collisions at $\sqrt{s} = 13$ TeV using the CMS detector}",
    journal = {Journal of Instrumentation}
}

@article{Cowan:2010js,
    author = "Glen Cowan and Kyle Cranmer and Eilam Gross and Ofer Vitells",
    title = "Asymptotic formulae for likelihood-based tests of new physics",
    journal = "Eur. Phys. J. C",
    volume = "71",
    pages = "1554",
    year = "2011",
    eprint = "1007.1727",
    archivePrefix = "arXiv",
    primaryClass = "physics",
    doi = "10.1140/epjc/s10052-011-1554-0",
    note = "[Erratum: \DOI{10.1140/epjc/s10052-013-2501-z}]",
}

@techreport{ATL-PHYS-PUB-2023-039,
      author        = {{ATLAS Collaboration}},
      collaboration = "ATLAS",
      title         = "{Standard Model Summary Plots October 2023}",
      institution   = "CERN",
      reportNumber  = "ATL-PHYS-PUB-2023-039",
      address       = "Geneva",
      year          = "2023",
      url           = "http://cds.cern.ch/record/2882448",
      note          = "All figures including auxiliary figures are available at
                       \url{https://atlas.web.cern.ch/Atlas/GROUPS/PHYSICS/PUBNOTES/ATL-PHYS-PUB-2023-039}",
}

@misc{CMSXSecs,
    author={Matt Herndon},
    howpublished={\url{https://twiki.cern.ch/twiki/bin/view/CMSPublic/PhysicsResultsCombined}},
    note={Accessed: 02-15-2024}
}

@misc{RauchVBSVBF2016,
    title={Vector-Boson Fusion and Vector-Boson Scattering},
    author={Michael Rauch},
    year={2016},
    eprint={1610.08420},
    archivePrefix={arXiv},
    primaryClass={hep-ph}
}

@article{HiggsWithoutHiggs,
    title = {{Measuring Higgs Couplings without Higgs Bosons}},
    author = {Henning, Brian and Lombardo, Davide and Riembau, Marc and Riva, Francesco},
    journal = {Phys. Rev. Lett.},
    volume = {123},
    issue = {18},
    pages = {181801},
    numpages = {6},
    year = {2019},
    month = {Oct},
    publisher = {American Physical Society},
    doi = {10.1103/PhysRevLett.123.181801},
    url = {https://link.aps.org/doi/10.1103/PhysRevLett.123.181801}
}

@incollection{EFT,
  author        = "{LHC Higgs Cross Section Working Group}",
  title         = "Deciphering the nature of the {H}iggs sector",
  booktitle     = "Handbook of LHC Higgs Cross Sections",
  publisher     = "{CERN}",
  year          = "2017",
  editor        = "D. de Florian and C. Grojean and F. Maltoni and C. Mariotti and A. Nikitenko and M. Pieri and P. Savard and M. Schumacher and R. Tanaka",
  number        = "4",
  series        = "CERN Yellow Reports: Monographs",
  month         = "5",
  eprint        = "1610.07922",
  volume        = "2",
  archivePrefix = "arXiv",
  primaryClass  = "hep-ph",
}

@article{DimSix,
    author={Grzadkowski, B. and Iskrzy{\'{n}}ski, M. and Misiak, M. and Rosiek, J.},
    title={Dimension-six terms in the Standard Model Lagrangian},
    journal={Journal of High Energy Physics},
    year={2010},
    month={Oct},
    day={25},
    volume={2010},
    number={10},
    pages={85},
    issn={1029-8479},
    doi={10.1007/JHEP10(2010)085},
    url={https://doi.org/10.1007/JHEP10(2010)085}
}

@article{EnglertBroutPRL,
    title = {Broken Symmetry and the Mass of Gauge Vector Mesons},
    author = {Englert, F. and Brout, R.},
    journal = {Phys. Rev. Lett.},
    volume = {13},
    issue = {9},
    pages = {321--323},
    numpages = {0},
    year = {1964},
    month = {Aug},
    publisher = {American Physical Society},
    doi = {10.1103/PhysRevLett.13.321},
    url = {https://link.aps.org/doi/10.1103/PhysRevLett.13.321}
}

@article{HiggsPhysLett,
    title = {Broken symmetries, massless particles and gauge fields},
    journal = {Physics Letters},
    volume = {12},
    number = {2},
    pages = {132-133},
    year = {1964},
    issn = {0031-9163},
    doi = {https://doi.org/10.1016/0031-9163(64)91136-9},
    url = {https://www.sciencedirect.com/science/article/pii/0031916364911369},
    author = {P.W. Higgs}
}

@article{HiggsPRL,
    title = {Broken Symmetries and the Masses of Gauge Bosons},
    author = {Higgs, Peter W.},
    journal = {Phys. Rev. Lett.},
    volume = {13},
    issue = {16},
    pages = {508--509},
    numpages = {0},
    year = {1964},
    month = {Oct},
    publisher = {American Physical Society},
    doi = {10.1103/PhysRevLett.13.508},
    url = {https://link.aps.org/doi/10.1103/PhysRevLett.13.508}
}

@article{GuralnikHagenKibblePRL,
    title = {Global Conservation Laws and Massless Particles},
    author = {Guralnik, G. S. and Hagen, C. R. and Kibble, T. W. B.},
    journal = {Phys. Rev. Lett.},
    volume = {13},
    issue = {20},
    pages = {585--587},
    numpages = {0},
    year = {1964},
    month = {Nov},
    publisher = {American Physical Society},
    doi = {10.1103/PhysRevLett.13.585},
    url = {https://link.aps.org/doi/10.1103/PhysRevLett.13.585}
}

@techreport{CMSComputingReport2022,
      author        = "{CMS Offline Software and Computing}",
      title         = "{CMS Phase-2 Computing Model: Update Document}",
      institution   = "CERN",
      reportNumber  = "CMS-NOTE-2022-008, CERN-CMS-NOTE-2022-008",
      address       = "Geneva",
      year          = "2022",
      url           = "https://cds.cern.ch/record/2815292",
}

@article{HEPSoftwareFoundation2017,
    author = "Albrecht, Johannes and others",
    collaboration = "HEP Software Foundation",
    title = "{A Roadmap for HEP Software and Computing R\&D for the 2020s}",
    eprint = "1712.06982",
    archivePrefix = "arXiv",
    primaryClass = "physics.comp-ph",
    reportNumber = "HSF-CWP-2017-01, HSF-CWP-2017-001, FERMILAB-PUB-17-607-CD",
    doi = "10.1007/s41781-018-0018-8",
    journal = "Comput. Softw. Big Sci.",
    volume = "3",
    number = "1",
    pages = "7",
    year = "2019"
}

@techreport{Zurawski2021,
    author      = {Zurawski, J. and Brown, B. Carder, D. and Colby, E. and Dart, E. and Miller, K. and others},
    title       = {2020 High Energy Physics Network Requirements Review Final Report},
    institution = {Lawrence Berkeley National Laboratory},
    year        = {2021},
    number      = {LBNL-2001398},
    month       = {Jun},
    url         = {https://escholarship.org/uc/item/78j3c9v4}
}

@inproceedings{Guiang:2022tgi,
    author = "Guiang, Jonathan and others",
    title = "{Integrating End-to-End Exascale SDN into the LHC Data Distribution Cyberinfrastructure}",
    booktitle = "{Practice and Experience in Advanced Research Computing}",
    doi = "10.1145/3491418.3535134",
    year = "2022"
}


@article{SDNSurvey,
    author = {Benzekki, Kamal and El Fergougui, Abdeslam and Elbelrhiti Elalaoui, Abdelbaki},
    title = {Software-defined networking (SDN): a survey},
    journal = {Security and Communication Networks},
    volume = {9},
    number = {18},
    pages = {5803-5833},
    keywords = {software-defined networking, SDN challenges, SDN issues, SDN architecture, OpenFlow},
    doi = {https://doi.org/10.1002/sec.1737},
    url = {https://onlinelibrary.wiley.com/doi/abs/10.1002/sec.1737},
    eprint = {https://onlinelibrary.wiley.com/doi/pdf/10.1002/sec.1737},
    year = {2016}
}

@article{Rucio2019,
       author = {{Barisits}, Martin and {Beermann}, Thomas and {Berghaus}, Frank and
         {Bockelman}, Brian and {Bogado}, Joaquin and {Cameron}, David and
         {Christidis}, Dimitrios and {Ciangottini}, Diego and
         {Dimitrov}, Gancho and {Elsing}, Markus and {Garonne}, Vincent and
         {di Girolamo}, Alessandro and {Goossens}, Luc and {Guan}, Wen and
         {Guenther}, Jaroslav and {Javurek}, Tomas and {Kuhn}, Dietmar and
         {Lassnig}, Mario and {Lopez}, Fernando and {Magini}, Nicolo and
         {Molfetas}, Angelos and {Nairz}, Armin and {Ould-Saada}, Farid and
         {Prenner}, Stefan and {Serfon}, Cedric and {Stewart}, Graeme and {Vaand
        ering}, Eric and {Vasileva}, Petya and {Vigne}, Ralph and
         {Wegner}, Tobias},
        title = "Rucio: Scientific Data Management",
      journal = "Computing and Software for Big Science",
       volume = "3",
         year = "2019",
        month = "Aug",
          day = "09",
       number = "1",
        pages = "11",
         issn = "2510-2044",
          doi = "10.1007/s41781-019-0026-3",
          url = "https://doi.org/10.1007/s41781-019-0026-3",
    publisher = "Springer International Publishing"
}

@article{FTS3,
    author = "Ayllon, A. A. and Salichos, M. and Simon, M. K. and Keeble, O.",
    editor = "Groep, D. L. and Bonacorsi, D.",
    title = "{FTS3: New Data Movement Service For WLCG}",
    doi = "10.1088/1742-6596/513/3/032081",
    journal = "J. Phys. Conf. Ser.",
    volume = "513",
    pages = "032081",
    year = "2014"
}

@article{SENSE,
    title = {Software-Defined Network for End-to-end Networked Science at the Exascale},
    journal = {Future Generation Computer Systems},
    volume = {110},
    pages = {181-201},
    year = {2020},
    issn = {0167-739X},
    doi = {https://doi.org/10.1016/j.future.2020.04.018},
    url = {https://www.sciencedirect.com/science/article/pii/S0167739X19305618},
    author = {Inder Monga and Chin Guok and John MacAuley and Alex Sim and Harvey Newman and Justas Balcas and Phil DeMar and Linda Winkler and Tom Lehman and Xi Yang},
    keywords = {Intent based networking, End-to-end orchestration, Intelligent network services, Distributed infrastructure, Resource modeling, Software defined networking, Real-time, Interactive},
}

@techreport{CMS-NOTE-2022-008,
      author        = "CMS Offline Software and Computing",
      title         = "{CMS Phase-2 Computing Model: Update Document}",
      institution   = "CERN",
      reportNumber  = "CMS-NOTE-2022-008, CERN-CMS-NOTE-2022-008",
      address       = "Geneva",
      year          = "2022",
      url           = "https://cds.cern.ch/record/2815292",
}

@article{AutoABCD,
  title = {Automating the ABCD method with machine learning},
  author = {Kasieczka, Gregor and Nachman, Benjamin and Schwartz, Matthew D. and Shih, David},
  journal = {Phys. Rev. D},
  volume = {103},
  issue = {3},
  pages = {035021},
  numpages = {20},
  year = {2021},
  month = {Feb},
  publisher = {American Physical Society},
  doi = {10.1103/PhysRevD.103.035021},
  url = {https://link.aps.org/doi/10.1103/PhysRevD.103.035021}
}

@article{Art:CombineAsymp,
	doi = {10.1140/epjc/s10052-011-1554-0},
	url = {https://doi.org/10.1140%2Fepjc%2Fs10052-011-1554-0},
	year = 2011,
	month = {feb},
	publisher = {Springer Science and Business Media {LLC}},
	volume = {71},
	number = {2},
	author = {Glen Cowan and Kyle Cranmer and Eilam Gross and Ofer Vitells},
	title = {Asymptotic formulae for likelihood-based tests of new physics},
	journal = {The European Physical Journal C}
}

@article{Weinberg:1967tq,
    author = "Weinberg, Steven",
    title = "{A Model of Leptons}",
    doi = "10.1103/PhysRevLett.19.1264",
    journal = "Phys. Rev. Lett.",
    volume = "19",
    pages = "1264--1266",
    year = "1967"
}

@article{Nambu:1961fr,
    author = "Nambu, Yoichiro and Jona-Lasinio, G.",
    editor = "Eguchi, T.",
    title = "{Dynamical model of elementary particles based on an analogy with superconductivity. II.}",
    doi = "10.1103/PhysRev.124.246",
    journal = "Phys. Rev.",
    volume = "124",
    pages = "246--254",
    year = "1961"
}

@article{Bass2021,
    author={Bass, Steven D. and De Roeck, Albert and Kado, Marumi},
    title={The Higgs boson implications and prospects for future discoveries},
    journal={Nature Reviews Physics},
    year={2021},
    month={Sep},
    day={01},
    volume={3},
    number={9},
    pages={608-624},
    issn={2522-5820},
    doi={10.1038/s42254-021-00341-2},
    url={https://doi.org/10.1038/s42254-021-00341-2}
}

@misc{CMSP5Layout,
    author={Lucas Taylor},
    title="{CMS Document 5592-v1}",
    howpublished={\url{https://cms-docdb.cern.ch/cgi-bin/PublicDocDB/ShowDocument?docid=5592}},
    note={Accessed: 04-21-2024}
}

@misc{Maximilien:1295244,
      author        = "Maximilien Brice",
      title         = "{Aerial View of the CERN taken in 2008.}",
      year          = "2008",
      note          = "General Photo",
      howpublished  = {\url{https://cds.cern.ch/record/1295244}},
}

@misc{Lopienska:2800984,
      author        = "Lopienska, Ewa",
      title         = "{The CERN accelerator complex, layout in 2022.}",
      year          = "2022",
      note          = "General Photo",
      howpublished  = {\url{https://cds.cern.ch/record/2800984}},
}

@misc{NormalPU2016,
      author        = "{CMS Collaboration} and McCauley, Thomas",
      title         = "{Collision events recorded by CMS in 2016}",
      note          = "CMS Collection, CMS-PHO-EVENTS-2017-001",
      howpublished  = {\url{https://cds.cern.ch/record/224114}},
}

@misc{HighPU2016,
      author        = "{CMS Collaboration} and McCauley, Thomas",
      title         = "{Collisions recorded by the CMS detector on 14 Oct 2016 during the high pile-up fill}",
      note          = "CMS Collection, CMS-PHO-EVENTS-2016-008",
      howpublished  = {\url{https://cds.cern.ch/record/2231915}},
}

@misc{CMSWeb,
      author        = "{CMS Collaboration}",
      title         = "{CMS}",
      note          = "CMS webpage. Accessed: 04-21-2024",
      howpublished  = {\url{https://cms.cern/detector}},
}

@misc{ATLASWeb,
      author        = "{ATLAS Collaboration}",
      title         = "{ATLAS}",
      note          = "ATLAS webpage. Accessed: 04-21-2024",
      howpublished  = {\url{https://atlas.cern/detector}},
}

@misc{LHCWeb,
      author        = "{CERN}",
      title         = "{The Large Hadron Collider}",
      note          = "ATLAS webpage. Accessed: 04-21-2024",
      howpublished  = {\url{https://lhc.cern}},
}

@article{CERNCourierVolume47:1734044,
      title         = "{CERN Courier Volume 47, Number 2, March 2007}",
      year          = "2007",
      url           = "https://cds.cern.ch/record/1734044",
}

@article{CourierSolenoid,
      author        = "Domenico Campi and David Stickland",
      title         = "{CMS: a super solenoid is ready for business}",
      journal       = "CERN Courier",
      volume        = "47",
      number        = "2",
      month         = {Mar},
      year          = "2017",
      pages         = "P10003",
}

@book{CERN-LHCC-97-010,
      author        = "{CMS Collaboration}",
      title         = "{The CMS magnet project: Technical Design Report}",
      publisher     = "CERN",
      address       = "Geneva",
      series        = "Technical design report. CMS",
      year          = "1997",
      url           = "https://cds.cern.ch/record/331056",
      doi           = "10.17181/CERN.6ZU0.V4T9",
}

@misc{Dominguez:1741036,
      author        = "Dominguez, Daniel",
      title         = "{3D cut of the LHC dipole}",
      year          = "2014",
      note          = "General Photo",
      howpublished  = {\url{https://cds.cern.ch/record/1741036}},
}

@misc{Servicegraphique:1708849,
      author        = "{Service graphique, CERN}",
      title         = "{Overall view of the LHC}",
      year          = "2014",
      note          = "General Photo",
      howpublished  = {\url{https://cds.cern.ch/record/1708849}},
}

@article{CMS:2009moq,
    author = "{CMS Collaboration}",
    title = "{Precise Mapping of the Magnetic Field in the CMS Barrel Yoke using Cosmic Rays}",
    eprint = "0910.5530",
    archivePrefix = "arXiv",
    primaryClass = "physics.ins-det",
    reportNumber = "CMS-CFT-09-015",
    doi = "10.1088/1748-0221/5/03/T03021",
    journal = "JINST",
    volume = "5",
    pages = "T03021",
    year = "2010"
}

@article{10.1093/ptj/46.9.968,
    author = "{Physical Therapy}",
    title = "{The Fatal Current}",
    journal = {Physical Therapy},
    volume = {46},
    number = {9},
    pages = {968-969},
    year = {1966},
    month = {09},
    issn = {0031-9023},
    doi = {10.1093/ptj/46.9.968},
    url = {https://doi.org/10.1093/ptj/46.9.968},
    eprint = {https://academic.oup.com/ptj/article-pdf/46/9/968/22752024/ptj0968.pdf},
}

@article{Berger2002-gs,
    title     = "{How does it work?: Magnetic resonance imaging}",
    author    = "Berger, A",
    journal   = {BMJ},
    publisher = {BMJ},
    volume    = {324},
    number    = {7328},
    pages     = {35--35},
    month     = {Jan},
    year      = {2002}
}

@misc{GinterRussianDudes,
      author        = "Peter Ginter",
      title         = "{Workers in Mormansk sitting on decomissioned WWII artillery shell casings from the Russian Northern Fleet.}",
      year          = "2014",
      note          = "Accessed: 04-22-2024",
      howpublished  = {\url{https://www.peterginter.com/pg-portfolio/cern-lhc/}},
}

@misc{Barney:2120661,
      author        = "Barney, David",
      title         = "{CMS Detector Slice}",
      year          = "2016",
      note          = "CMS Collection",
      howpublished  = {\url{https://cds.cern.ch/record/2120661}},
}

@misc{Brice:1431485,
      author        = "Brice, M and Vaillet, L and Lazic, L",
      title         = "{Images of the CMS HCAL Barrel}",
      year          = "2008",
      note          = "CMS Collection",
      howpublished  = {\url{https://cds.cern.ch/record/1431485}},
}

@misc{Brice:1431477,
      author        = "Brice, M",
      title         = "{Images of the CMS ECAL Barrel}",
      year          = "2008",
      note          = "CMS Collection",
      howpublished  = {\url{https://cds.cern.ch/record/1431477}},
}

@misc{Maximilien:995912,
      author        = "Maximilien Brice",
      title         = "{First half of CMS inner tracker barrel}",
      year          = "2006",
      howpublished  = {\url{https://cds.cern.ch/record/995912}},
}

@misc{Hoch:1275108,
      author        = "Hoch, Michael",
      title         = "{Placing the Tracker inside CMS}",
      year          = "2007",
      note          = "CMS Collection",
      howpublished  = {\url{https://cds.cern.ch/record/1275108}},
}

@misc{CERNCopyright,
      author        = "{CERN}",
      title         = "{Copyright and terms of use of CERN content}",
      year          = "2024",
      note          = "Accessed: 04-25-2024",
      howpublished  = {\url{https://copyright.web.cern.ch/}},
}

@article{Acquafredda:2009zz,
    author = "Acquafredda, R. and others",
    title = "{The OPERA experiment in the CERN to Gran Sasso neutrino beam}",
    doi = "10.1088/1748-0221/4/04/P04018",
    journal = "JINST",
    volume = "4",
    pages = "P04018",
    year = "2009"
}

@article{CDF:2003xbh,
    author = "{CDF Collaboration}",
    title = "{CDF central outer tracker}",
    reportNumber = "FERMILAB-PUB-03-355-E",
    doi = "10.1016/j.nima.2004.02.020",
    journal = "Nucl. Instrum. Meth. A",
    volume = "526",
    pages = "249--299",
    year = "2004"
}

@misc{CMSWebTracker,
      author        = "{CMS Collaboration}",
      title         = "{Tracking}",
      year          = "2024",
      note          = "Accessed: 04-25-2024",
      howpublished  = {\url{https://cms.cern/detector/identifying-tracks}},
}

@misc{CMSWebMagnet,
      author        = "{CMS Collaboration}",
      title         = "{Bending particles}",
      year          = "2024",
      note          = "Accessed: 04-25-2024",
      howpublished  = {\url{https://cms.cern/detector/bending-particles}},
}

@misc{CMSWebECAL,
      author        = "{CMS Collaboration}",
      title         = "{Energy of electrons and photons (ECAL)}",
      year          = "2024",
      note          = "Accessed: 04-27-2024",
      howpublished  = {\url{https://cms.cern/index.php/detector/measuring-energy/energy-electrons-and-photons-ecal}},
}

@misc{CMSWebHCAL,
      author        = "{CMS Collaboration}",
      title         = "{Energy of hadrons (HCAL)}",
      year          = "2024",
      note          = "Accessed: 04-27-2024",
      howpublished  = {\url{https://cms.cern/detector/measuring-energy/energy-hadrons-hcal}},
}

@misc{CMSWebMuons,
      author        = "{CMS Collaboration}",
      title         = "{Detecting muons}",
      year          = "2024",
      note          = "Accessed: 04-27-2024",
      howpublished  = {\url{https://cms.cern/detector/detecting-muons}},
}

@misc{CMSWebMuonDT,
      author        = "{CMS Collaboration}",
      title         = "{Muon drift tubes}",
      year          = "2024",
      note          = "Accessed: 04-27-2024",
      howpublished  = {\url{https://cms.cern/index.php/detector/detecting-muons/muon-drift-tubes}},
}

@misc{Hoch:2017264,
      author        = "Hoch, Michael",
      title         = "{Work on CMS Tracker during Long Shutdown 1 (LS1) - CMS Forward Pixel Installation}",
      year          = "2014",
      note          = "CMS Collection",
      howpublished  = {\url{https://cds.cern.ch/record/2017264}},
}

@misc{Sakuma:2665537,
      author        = "Sakuma, Tai",
      title         = "{Cutaway diagrams of CMS detector}",
      year          = "2019",
      howpublished  = {\url{https://cds.cern.ch/record/2665537}},
}

@article{Sakuma:2630160,
      author        = "Sakuma, Tai",
      title         = "{SketchUp Drawings of the Phase 1 pixel detector alongside the current pixel detector}",
      year          = "2012",
      url           = "https://cds.cern.ch/record/2630160",
}

@misc{CMSRunIITracker,
      author        = "{Detector Performance Group}",
      title         = "{CMS Tracker Detector Performance Results}",
      note          = "Accessed: 04-26-2024",
      howpublished  = {\url{https://twiki.cern.ch/twiki/bin/view/CMSPublic/DPGResultsTRK}},
}

@misc{JainParticleID,
      author        = "Vivek Jain",
      title         = "{From 0-60 in 10 million seconds! -- Part 1}",
      year          = "2012",
      howpublished  = {\url{https://atlas.cern/updates/blog/0-60-10-million-seconds-part-1}},
}

@misc{Hoch:1274451,
      author        = "Hoch, Michael",
      title         = "{Early Construction: Muon Chambers}",
      year          = "2007",
      note          = "CMS Collection",
      howpublished  = {\url{https://cds.cern.ch/record/1274451}},
}

